<?xml version="1.0" encoding="UTF-8"?><collection xmlns="http://www.loc.gov/MARC21/slim"><record><leader>00561nam--2200181-i-4500</leader><controlfield tag="001">000036812</controlfield><controlfield tag="002">20161230</controlfield><controlfield tag="005">20170204202258</controlfield><controlfield tag="008">060222s1000------------r-----000-0-eng-d</controlfield><datafield ind1=" " ind2=" " tag="080"><subfield code="a">621.3.014.8:621.375.3</subfield></datafield><datafield ind1=" " ind2=" " tag="100"><subfield code="a">Popescu, Ilie</subfield></datafield><datafield ind1=" " ind2=" " tag="245"><subfield code="a">Ferorezonanta in circuite cu bobine neliniare comandate prin reactie</subfield></datafield><datafield ind1=" " ind2=" " tag="260"><subfield code="a">Bucuresti</subfield><subfield code="b">Cons.Nat.Al Ing.Si Tehn</subfield><subfield code="c">1969</subfield></datafield><datafield ind1=" " ind2=" " tag="300"><subfield code="a">10 p</subfield></datafield><datafield ind1=" " ind2=" " tag="490"><subfield code="a">A Doua Conf.A Electricienilo.Vii.Sectia Teorie,Materiale Si Masurari Electrice</subfield></datafield><datafield ind1=" " ind2=" " tag="700"><subfield code="a">Savin, Gh</subfield></datafield><datafield ind1=" " ind2=" " tag="852"><subfield code="a">31679</subfield></datafield><datafield ind1=" " ind2=" " tag="CAT"><subfield code="a">SYS</subfield><subfield code="c">20170204</subfield><subfield code="h">202258</subfield></datafield></record></collection>